@article{rothblum1992characterization,
  title={Characterization of stable matchings as extreme points of a polytope},
  author={Rothblum, Uriel G},
  journal={Mathematical Programming},
  volume={54},
  number={1-3},
  pages={57--67},
  year={1992},
  publisher={Springer}
}

@book{lau2011iterative,
  title={Iterative methods in combinatorial optimization},
  author={Lau, Lap Chi and Ravi, Ramamoorthi and Singh, Mohit},
  volume={46},
  year={2011},
  publisher={Cambridge University Press}
}

@article{gale1962college,
  title={College admissions and the stability of marriage},
  author={Gale, David and Shapley, Lloyd S},
  journal={The American Mathematical Monthly},
  volume={69},
  number={1},
  pages={9--15},
  year={1962},
  publisher={JSTOR}
}

@article{vate1989linear,
  title={Linear programming brings marital bliss},
  author={Vate, John H Vande},
  journal={Operations Research Letters},
  volume={8},
  number={3},
  pages={147--153},
  year={1989},
  publisher={Elsevier}
}

@article{knuth1976marriages,
  title={Marriages Stables, Presses Univ},
  author={Knuth, DE},
  journal={Montreal, Montreal},
  year={1976}
}